@article{tremblaynfl,
  title={NFL Ticket Demand: The Movement of Prices in the Secondary Market},
  author={Tremblay, Ross D},
  year={2012}
}


@article{rishe2003ticket,
  title={Ticket Price Determination in the National Football League: A Quantitative Approach.},
  author={Rishe, Patrick James and Mondello, Michael J},
  journal={Sport Marketing Quarterly},
  volume={12},
  number={2},
  year={2003}
}

@article{price2003demand,
  title={The demand for game day attendance in college football: an analysis of the 1997 Division 1-A season},
  author={Price, Donald I and Sen, Kabir C},
  journal={Managerial and Decision Economics},
  volume={24},
  number={1},
  pages={35--46},
  year={2003},
  publisher={Wiley Online Library}
}


@article{coates2007ticket,
  title={Ticket prices, concessions and attendance at professional sporting events},
  author={Coates, Dennis and Humphreys, Brad R},
  journal={International Journal of Sport Finance},
  volume={2},
  number={3},
  pages={161},
  year={2007},
  publisher={Fitness Information Technology, A Division of ICPE West Virginia University}
}

@article{paasche1874preisentwicklung,
  title={{\"U}ber die Preisentwicklung der letzten Jahre nach den Hamburger Borsennotirungen},
  author={Paasche, Hermann},
  journal={Jahrb{\"u}cher f{\"u}r National{\"o}konomie und Statistik},
  volume={12},
  pages={168--178},
  year={1874}
}

@article{laspeyres1871ix,
  title={IX. Die Berechnung einer mittleren Waarenpreissteigerung.},
  author={Laspeyres, K},
  journal={Jahrb{\"u}cher f{\"u}r National{\"o}konomie und Statistik},
  volume={16},
  number={1},
  pages={296--318},
  year={1871},
  publisher={Lucius \& Lucius}
}